@article{bitcoin,
author = {Nakamoto, Satoshi},
year = {2009},
month = {03},
pages = {},
title = {Bitcoin: A Peer-to-Peer Electronic Cash System},
journal = {Cryptography Mailing list at https://metzdowd.com}
}

@misc{bitcoinCash,
  title = {BitcoinCash: Peer-to-Peer Electronic Cash},
  howpublished = {\url{https://www.bitcoincash.org/}},
  note = {Accessed: 2019-01-25}
}

@book{Takashima:2018:LUG:3235215,
 author = {Takashima, Ikuya},
 title = {Litecoin: The Ultimate Guide to the World of Litecoin, Litecoin Crypocurrency, Litecoin Investing, Litecoin Mining, Litecoin Guide, Cryptocurrency},
 year = {2018},
 isbn = {1986181235, 9781986181235},
 publisher = {CreateSpace Independent Publishing Platform},
 address = {USA}
}

@misc{dogecoin,
  title = {Dogecoin},
  howpublished = {\url{https://dogecoin.com/}},
  note = {Accessed: 2019-01-25}
} 

@book{David:2018:DCW:3208446,
 author = {David, Quinton},
 title = {Dash Cryptocurrency: Why Dash Digital Currency is the Cryptocurrency of the Future and How You Can Profit from It},
 year = {2018},
 isbn = {1983685518, 9781983685514},
 publisher = {CreateSpace Independent Publishing Platform},
 address = {USA}
} 

@misc{neo,
  title = {NEO - An Open Network For Smart Economy},
  howpublished = {\url{https://neo.org/}},
  note = {Accessed: 2019-01-25}
}

@inproceedings{Wood2014EthereumAS,
  title={Ethereum: a Secure Decentralised Generalised Transaction Ledger},
  author={D. Wood},
  year={2014}
}

@article{FM548,
	author = {Nick Szabo},
	title = {Formalizing and Securing Relationships on Public Networks},
	journal = {First Monday},
	volume = {2},
	number = {9},
	year = {1997},
	keywords = {},
	issn = {13960466},	doi = {10.5210/fm.v2i9.548},
	url = {https://ojphi.org/ojs/index.php/fm/article/view/548}
} 

@misc{blockchainRevolution1,
  title = {How blockchains could change the world},
  howpublished = {\url{https://www.mckinsey.com/industries/high-tech/our-insights/how-blockchains-could-change}},
  note = {Accessed: 2019-01-25}
}

@misc{blockchainRevolution2,
  title = {The Next Radical Internet Transformation: How Blockchain Technology is Transforming Business, Governments, Computing, and Security Models with Mark Mueller-Eberstein},
  howpublished = {\url{https://learning.acm.org/webinars/blockchain}},
  note = {Accessed: 2019-01-25}
}

@misc{fincrisis,
  title = {Financial crisis of 2007–2008},
  howpublished = {\url{https://en.wikipedia.org/wiki/Financial_crisis_of_2007%E2%80%932008}},
  note = {Accessed: 2019-02-11}
}

@TECHREPORT{Back02hashcash,
    author = {Adam Back},
    title = {Hashcash - A Denial of Service Counter-Measure},
    institution = {},
    year = {2002}
}

@inproceedings{Douceur:2002:SA:646334.687813,
 author = {Douceur, John R.},
 title = {The Sybil Attack},
 booktitle = {Revised Papers from the First International Workshop on Peer-to-Peer Systems},
 series = {IPTPS '01},
 year = {2002},
 isbn = {3-540-44179-4},
 pages = {251--260},
 numpages = {10},
 url = {http://dl.acm.org/citation.cfm?id=646334.687813},
 acmid = {687813},
 publisher = {Springer-Verlag},
 address = {London, UK, UK}
} 

@inproceedings{Fischer1983TheCP,
  title={The Consensus Problem in Unreliable Distributed Systems (A Brief Survey)},
  author={Michael J. Fischer},
  booktitle={FCT},
  year={1983}
}

@misc{reorg,
  title = {Chain Reorganization},
  howpublished = {\url{https://en.bitcoin.it/wiki/Chain_Reorganization}},
  note = {Accessed: 2019-02-12}
}

@article{Barborak:1993:CPF:152610.152612,
 author = {Barborak, Michael and Dahbura, Anton and Malek, Miroslaw},
 title = {The Consensus Problem in Fault-tolerant Computing},
 journal = {ACM Comput. Surv.},
 issue_date = {June 1993},
 volume = {25},
 number = {2},
 month = jun,
 year = {1993},
 issn = {0360-0300},
 pages = {171--220},
 numpages = {50},
 url = {http://doi.acm.org/10.1145/152610.152612},
 doi = {10.1145/152610.152612},
 acmid = {152612},
 publisher = {ACM},
 address = {New York, NY, USA},
 keywords = {Byzantine agreement, consensus problem, decision theory, processor membership, system diagnosis}
}

@book{Jalote:1994:FTD:179250,
 author = {Jalote, Pankaj},
 title = {Fault Tolerance in Distributed Systems},
 year = {1994},
 isbn = {0-13-301367-7},
 publisher = {Prentice-Hall, Inc.},
 address = {Upper Saddle River, NJ, USA}
}

@misc{powcost,
  title = {Bitcoin Energy Consumption Index},
  howpublished = {\url{https://digiconomist.net/bitcoin-energy-consumption}},
  note = {Accessed: 2019-02-14}
}

@misc{casper,
  title = {Casper Proof of Stake compendium},
  howpublished = {\url{https://github.com/ethereum/wiki/wiki/Casper-Proof-of-Stake-compendium}},
  note = {Accessed: 2019-02-14}
}

@article{casper-gadget,
author = {Buterin, Vitalik and Griffith, Virgil},
year = {2017},
month = {10},
pages = {},
title = {Casper the Friendly Finality Gadget}
}

@inproceedings{Kwon2014TendermintC,
  title={Tendermint : Consensus without Mining},
  author={Jae Kyun Kwon},
  year={2014}
}

@misc{parity,
  title = {Blockchain Infrastructure for the Decentralised Web},
  howpublished = {\url{https://www.parity.io/}},
  note = {Accessed: 2019-02-14}
}

@InProceedings{10.1007/978-3-319-69084-1_19,
author="Chen, Lin
and Xu, Lei
and Shah, Nolan
and Gao, Zhimin
and Lu, Yang
and Shi, Weidong",
editor="Spirakis, Paul
and Tsigas, Philippas",
title="On Security Analysis of Proof-of-Elapsed-Time (PoET)",
booktitle="Stabilization, Safety, and Security of Distributed Systems",
year="2017",
publisher="Springer International Publishing",
address="Cham",
pages="282--297",
isbn="978-3-319-69084-1"
}

@inproceedings{poet,
author = {Chen, Lin and Xu, Lei and Shah, Nolan and Gao, Zhimin and Lu, Yang and Shi, Weidong},
year = {2017},
month = {10},
pages = {282-297},
title = {On Security Analysis of Proof-of-Elapsed-Time (PoET)},
isbn = {978-3-319-69083-4},
doi = {10.1007/978-3-319-69084-1_19}
}

@inproceedings{David2014TheRP,
  title={The Ripple Protocol Consensus Algorithm},
  author={D. Stalin David},
  year={2014}
}

@MISC{thestellar,
    author = {David Mazières},
    title = {The Stellar Consensus Protocol: A Federated Model for Internet-level Consensus},
    year = {2015}
}

@article{Lamport:1982:BGP:357172.357176,
 author = {Lamport, Leslie and Shostak, Robert and Pease, Marshall},
 title = {The Byzantine Generals Problem},
 journal = {ACM Trans. Program. Lang. Syst.},
 issue_date = {July 1982},
 volume = {4},
 number = {3},
 month = jul,
 year = {1982},
 issn = {0164-0925},
 pages = {382--401},
 numpages = {20},
 url = {http://doi.acm.org/10.1145/357172.357176},
 doi = {10.1145/357172.357176},
 acmid = {357176},
 publisher = {ACM},
 address = {New York, NY, USA}
} 

@book{Yu:2013:DDS:2556385,
 author = {Yu, Shui},
 title = {Distributed Denial of Service Attack and Defense},
 year = {2013},
 isbn = {1461494907, 9781461494904},
 publisher = {Springer Publishing Company, Incorporated}
} 

@INPROCEEDINGS{7756226,
author={K. {Saito} and H. {Yamada}},
booktitle={2016 IEEE 36th International Conference on Distributed Computing Systems Workshops (ICDCSW)},
title={What’s So Different about Blockchain? — Blockchain is a Probabilistic State Machine},
year={2016},
volume={},
number={},
pages={168-175},
ISSN={2332-5666},
month={June}}

@InProceedings{10.1007/978-3-319-56614-6_22,
author="Pass, Rafael
and Seeman, Lior
and Shelat, Abhi",
editor="Coron, Jean-S{\'e}bastien
and Nielsen, Jesper Buus",
title="Analysis of the Blockchain Protocol in Asynchronous Networks",
booktitle="Advances in Cryptology -- EUROCRYPT 2017",
year="2017",
publisher="Springer International Publishing",
address="Cham",
pages="643--673",
isbn="978-3-319-56614-6"
}

@MISC{Mazires15thestellar,
    author = {David Mazières},
    title = {The Stellar Consensus Protocol: A Federated Model for Internet-level Consensus},
    year = {2015}
}

@article{Buchman2018TheLG,
  title={The latest gossip on BFT consensus},
  author={Ethan Buchman and Jae Young Kwon and Zarko Milosevic},
  journal={CoRR},
  year={2018},
  volume={abs/1807.04938}
}

@inproceedings{Castro:1999:PBF:296806.296824,
 author = {Castro, Miguel and Liskov, Barbara},
 title = {Practical Byzantine Fault Tolerance},
 booktitle = {Proceedings of the Third Symposium on Operating Systems Design and Implementation},
 series = {OSDI '99},
 year = {1999},
 isbn = {1-880446-39-1},
 location = {New Orleans, Louisiana, USA},
 pages = {173--186},
 numpages = {14},
 url = {http://dl.acm.org/citation.cfm?id=296806.296824},
 acmid = {296824},
 publisher = {USENIX Association},
 address = {Berkeley, CA, USA}
} 

@misc{gossip,
  title = {Gossip protocol},
  howpublished = {\url{https://en.wikipedia.org/wiki/Gossip_protocol}},
  note = {Accessed: 2019-03-02}
}

@article{yac,
	title = {YAC: BFT Consensus Algorithm for Blockchain},
	author = {Muratov, Fedor and Lebedev, Andrei and Iushkevich, Nikolai and Nasrulin, Bulat and Takemiya, Makoto},
	year = {2018},
	month = {09},
	pages = {}
}

@misc{patent:20180150799,
 title     = "Blockchain checkpoints and certified checkpoints",
 number    = "20180150799",
 author    = "Hunt, Guerney D. H. and Koved, Lawrence",
 year      = "2018",
 month     = "May",
 url       = "http://www.freepatentsonline.com/y2018/0150799.html"
}

@inproceedings{Kroll2013TheEO,
  title={The Economics of Bitcoin Mining , or Bitcoin in the Presence of Adversaries},
  author={Joshua A. Kroll and Ian Davey and Edward W. Felten},
  year={2013}
}

@article{Turek:1992:MFC:136541.136542,
 author = {Turek, John and Shasha, Dennis},
 title = {The Many Faces of Consensus in Distributed Systems},
 journal = {Computer},
 issue_date = {June 1992},
 volume = {25},
 number = {6},
 month = jun,
 year = {1992},
 issn = {0018-9162},
 pages = {8--17},
 numpages = {10},
 url = {http://dx.doi.org/10.1109/2.153253},
 doi = {10.1109/2.153253},
 acmid = {136542},
 publisher = {IEEE Computer Society Press},
 address = {Los Alamitos, CA, USA}
} 

@Inbook{Ding1996,
author="Ding, Yun
and Horster, Patrick
and Petersen, Holger",
editor="Horster, Patrick",
title="A new approach for delegation using hierarchical delegation tokens",
bookTitle="Communications and Multimedia Security II: Proceedings of the IFIP TC6/TC11 International Conference on Communications and Multimedia Security at Essen, Germany, 23rd -- 24th September 1996",
year="1996",
publisher="Springer US",
address="Boston, MA",
pages="128--143",
doi="10.1007/978-0-387-35083-7_12",
url="https://doi.org/10.1007/978-0-387-35083-7_12"
}

@inproceedings{propagation,
author = {Ersoy, Oğuzhan and Ren, Zhijie and Zekeriya, Erkin and L. Lagendijk, Reginald},
year = {2018},
month = {06},
pages = {},
title = {Transaction Propagation on Permissionless Blockchains: Incentive and Routing Mechanisms},
doi = {10.1109/CVCBT.2018.00008}
}

@article{Dolev:1987:MSN:7531.7533,
 author = {Dolev, Danny and Dwork, Cynthia and Stockmeyer, Larry},
 title = {On the Minimal Synchronism Needed for Distributed Consensus},
 journal = {J. ACM},
 issue_date = {Jan. 1987},
 volume = {34},
 number = {1},
 month = jan,
 year = {1987},
 issn = {0004-5411},
 pages = {77--97},
 numpages = {21},
 url = {http://doi.acm.org/10.1145/7531.7533},
 doi = {10.1145/7531.7533},
 acmid = {7533},
 publisher = {ACM},
 address = {New York, NY, USA},
} 